<?xml version="1.0" encoding="UTF-8"?><collection xmlns="http://www.loc.gov/MARC21/slim"><record><leader>00331nam--2200121-i-4500</leader><controlfield tag="001">000028871</controlfield><controlfield tag="002">20161230</controlfield><controlfield tag="005">20161230201037</controlfield><controlfield tag="008">060222s1000------------r-----000-0-eng-d</controlfield><datafield ind1=" " ind2=" " tag="080"><subfield code="a">061.3:539.12.03:621.939.8</subfield></datafield><datafield ind1=" " ind2=" " tag="245"><subfield code="a">Largee radiation sources in industry</subfield></datafield><datafield ind1=" " ind2=" " tag="260"><subfield code="a">Vienna, Intern. Atomic Energy Agency, 1960, 478p</subfield></datafield><datafield ind1=" " ind2=" " tag="852"><subfield code="a">11495</subfield></datafield></record></collection>